
    <zs:record>
      <zs:recordSchema/>
      <zs:recordPacking>xml</zs:recordPacking>
      <zs:recordData>
        <record xmlns="http://www.loc.gov/MARC21/slim">
          <leader>01219cam a2200301 i 4500</leader>
          <controlfield tag="001">3183407</controlfield>
          <controlfield tag="005">20141014084622.0</controlfield>
          <controlfield tag="008">760312s1972    enkac    b    000 0 eng  </controlfield>
          <datafield tag="035" ind1=" " ind2=" ">
            <subfield code="9">(DLC)   76355816</subfield>
          </datafield>
          <datafield tag="906" ind1=" " ind2=" ">
            <subfield code="a">7</subfield>
            <subfield code="b">cbc</subfield>
            <subfield code="c">orignew</subfield>
            <subfield code="d">3</subfield>
            <subfield code="e">ncip</subfield>
            <subfield code="f">19</subfield>
            <subfield code="g">y-gencatlg</subfield>
          </datafield>
          <datafield tag="010" ind1=" " ind2=" ">
            <subfield code="a">   76355816 </subfield>
          </datafield>
          <datafield tag="015" ind1=" " ind2=" ">
            <subfield code="a">GB73-29125</subfield>
          </datafield>
          <datafield tag="020" ind1=" " ind2=" ">
            <subfield code="a">0904157008 :</subfield>
            <subfield code="c">£0.60</subfield>
          </datafield>
          <datafield tag="040" ind1=" " ind2=" ">
            <subfield code="a">DLC</subfield>
            <subfield code="c">DLC</subfield>
            <subfield code="d">DLC</subfield>
          </datafield>
          <datafield tag="050" ind1="0" ind2="0">
            <subfield code="a">BL870.O3</subfield>
            <subfield code="b">D38</subfield>
          </datafield>
          <datafield tag="082" ind1="0" ind2="0">
            <subfield code="a">293/.2/11</subfield>
          </datafield>
          <datafield tag="100" ind1="1" ind2=" ">
            <subfield code="a">Davidson, Hilda Roderick Ellis.</subfield>
          </datafield>
          <datafield tag="245" ind1="1" ind2="4">
            <subfield code="a">The battle god of the Vikings :</subfield>
            <subfield code="b">the first G. N. Garmonsway memorial lecture delivered 29 October 1971 in the University of York /</subfield>
            <subfield code="c">by Hilda Ellis Davidson.</subfield>
          </datafield>
          <datafield tag="260" ind1=" " ind2=" ">
            <subfield code="a">York :</subfield>
            <subfield code="b">University of York, Centre for Medieval Studies,</subfield>
            <subfield code="c">[1972]</subfield>
          </datafield>
          <datafield tag="300" ind1=" " ind2=" ">
            <subfield code="a">[6], 33 p. :</subfield>
            <subfield code="b">ill., port. ;</subfield>
            <subfield code="c">22 cm.</subfield>
          </datafield>
          <datafield tag="490" ind1="1" ind2=" ">
            <subfield code="a">University of York medieval monograph series ; 1</subfield>
          </datafield>
          <datafield tag="440" ind1=" " ind2="0">
            <subfield code="a">G. N. Garmonsway memorial lecture ;</subfield>
            <subfield code="v">1</subfield>
          </datafield>
          <datafield tag="504" ind1=" " ind2=" ">
            <subfield code="a">Includes bibliographical references.</subfield>
          </datafield>
          <datafield tag="600" ind1="0" ind2="0">
            <subfield code="a">Odin</subfield>
            <subfield code="c">(Norse deity)</subfield>
          </datafield>
          <datafield tag="650" ind1=" " ind2="0">
            <subfield code="a">Vikings.</subfield>
          </datafield>
          <datafield tag="810" ind1="1" ind2=" ">
            <subfield code="a">York, Eng.</subfield>
            <subfield code="b">University.</subfield>
            <subfield code="b">Centre for Medieval Studies.</subfield>
            <subfield code="t">University of York medieval monograph series ;</subfield>
            <subfield code="v">1.</subfield>
          </datafield>
          <datafield tag="830" ind1=" " ind2="0">
            <subfield code="a">G. N. Garmonsway memorial lecture ;</subfield>
            <subfield code="v">1.</subfield>
          </datafield>
          <datafield tag="991" ind1=" " ind2=" ">
            <subfield code="b">c-GenColl</subfield>
            <subfield code="h">BL870.O3</subfield>
            <subfield code="i">D38</subfield>
            <subfield code="t">Copy 1</subfield>
            <subfield code="w">BOOKS</subfield>
          </datafield>
        </record>
      </zs:recordData>
      <zs:recordPosition>11</zs:recordPosition>
    </zs:record>