
    <zs:record>
      <zs:recordSchema/>
      <zs:recordPacking>xml</zs:recordPacking>
      <zs:recordData>
        <record xmlns="http://www.loc.gov/MARC21/slim">
          <leader>01268cam a2200337 i 4500</leader>
          <controlfield tag="001">418891</controlfield>
          <controlfield tag="005">20130408132838.0</controlfield>
          <controlfield tag="008">800509m19791980enk           000 0 eng  </controlfield>
          <datafield tag="906" ind1=" " ind2=" ">
            <subfield code="a">7</subfield>
            <subfield code="b">cbc</subfield>
            <subfield code="c">orignew</subfield>
            <subfield code="d">3</subfield>
            <subfield code="e">ncip</subfield>
            <subfield code="f">19</subfield>
            <subfield code="g">y-gencatlg</subfield>
          </datafield>
          <datafield tag="010" ind1=" " ind2=" ">
            <subfield code="a">   80473618 </subfield>
          </datafield>
          <datafield tag="015" ind1=" " ind2=" ">
            <subfield code="a">GB***</subfield>
          </datafield>
          <datafield tag="020" ind1=" " ind2=" ">
            <subfield code="a">0847662217 (Rowman and Littlefield : v. 1) :</subfield>
            <subfield code="c">$36.50</subfield>
          </datafield>
          <datafield tag="020" ind1=" " ind2=" ">
            <subfield code="a">0847669386 (Rowman and Littlefield : v. 2)</subfield>
          </datafield>
          <datafield tag="035" ind1=" " ind2=" ">
            <subfield code="9">(DLC)   80473618</subfield>
          </datafield>
          <datafield tag="040" ind1=" " ind2=" ">
            <subfield code="a">DLC</subfield>
            <subfield code="c">DLC</subfield>
            <subfield code="d">DLC</subfield>
          </datafield>
          <datafield tag="041" ind1="1" ind2=" ">
            <subfield code="a">eng</subfield>
            <subfield code="h">lat</subfield>
          </datafield>
          <datafield tag="043" ind1=" " ind2=" ">
            <subfield code="a">e-dk---</subfield>
            <subfield code="a">ev-----</subfield>
          </datafield>
          <datafield tag="050" ind1="0" ind2="0">
            <subfield code="a">DL147</subfield>
            <subfield code="b">.S2713 1979</subfield>
          </datafield>
          <datafield tag="082" ind1="0" ind2="0">
            <subfield code="a">936.3</subfield>
          </datafield>
          <datafield tag="100" ind1="0" ind2=" ">
            <subfield code="a">Saxo,</subfield>
            <subfield code="c">Grammaticus,</subfield>
            <subfield code="d">-approximately 1204.</subfield>
          </datafield>
          <datafield tag="240" ind1="1" ind2="0">
            <subfield code="a">Gesta Danorum.</subfield>
            <subfield code="n">Liber 1-9.</subfield>
            <subfield code="l">English</subfield>
          </datafield>
          <datafield tag="245" ind1="1" ind2="4">
            <subfield code="a">The history of the Danes /</subfield>
            <subfield code="c">Saxo Grammaticus ; translated by Peter Fisher ; edited by Hilda Ellis Davidson.</subfield>
          </datafield>
          <datafield tag="260" ind1=" " ind2=" ">
            <subfield code="a">Cambridge [Eng.] :</subfield>
            <subfield code="b">D.S. Brewer ;</subfield>
            <subfield code="a">Totowa, N.J. :</subfield>
            <subfield code="b">Rowman and Littlefield,</subfield>
            <subfield code="c">1979-1980.</subfield>
          </datafield>
          <datafield tag="300" ind1=" " ind2=" ">
            <subfield code="a">2 v. ;</subfield>
            <subfield code="c">24 cm.</subfield>
          </datafield>
          <datafield tag="500" ind1=" " ind2=" ">
            <subfield code="a">Translated from the first nine books of Historiæ Danicæ.</subfield>
          </datafield>
          <datafield tag="505" ind1="0" ind2=" ">
            <subfield code="a">v. 1. English text.--v. 2. Commentary.</subfield>
          </datafield>
          <datafield tag="651" ind1=" " ind2="0">
            <subfield code="a">Denmark</subfield>
            <subfield code="x">History</subfield>
            <subfield code="y">To 1241.</subfield>
          </datafield>
          <datafield tag="650" ind1=" " ind2="0">
            <subfield code="a">Folklore</subfield>
            <subfield code="z">Scandinavia.</subfield>
          </datafield>
          <datafield tag="700" ind1="1" ind2=" ">
            <subfield code="a">Fisher, Peter,</subfield>
            <subfield code="d">1934-</subfield>
          </datafield>
          <datafield tag="700" ind1="1" ind2=" ">
            <subfield code="a">Davidson, Hilda Roderick Ellis.</subfield>
          </datafield>
          <datafield tag="991" ind1=" " ind2=" ">
            <subfield code="b">c-GenColl</subfield>
            <subfield code="h">DL147</subfield>
            <subfield code="i">.S2713 1979</subfield>
            <subfield code="t">Copy 1</subfield>
            <subfield code="w">BOOKS</subfield>
          </datafield>
        </record>
      </zs:recordData>
      <zs:recordPosition>32</zs:recordPosition>
    </zs:record>
  </zs:records>
  <zs:echoedSearchRetrieveRequest>
    <zs:version>1.1</zs:version>
    <zs:query>dc.creator="Davidson, H. R. Ellis" or dc.creator="Davidson, Hilda Ellis" or dc.creator="Ellis, Hilda Roderick Ellis" or dc.creator="Davidson, Hilda Roderick Ellis"</zs:query>
    <zs:maximumRecords>100</zs:maximumRecords>
    <zs:recordPacking>xml</zs:recordPacking>
  </zs:echoedSearchRetrieveRequest>
</zs:searchRetrieveResponse>
